@book{NaberF,
author={Naber,Gregory L},
title={Topology, Geometry and Gauge fields : Foundations, second edition},
year={2013},
publisher ={Springer}
}

@unpublished{Lens,
author={Watkins,M},
title={A Short Survey of Lens Spaces},
note={Une belle \'etude},
year={1989-90},
month={Inconnu}
}
